@book{Kernighan1984UNIX,
  added-at = {2019-03-01T00:11:50.000+0100},
  author = {Kernighan, Brian W. and Pike, Rob},
  biburl = {https://www.bibsonomy.org/bibtex/26d20eabeb9418ac829577cf36f6fdbdf/gdmcbain},
  citeulike-article-id = {14466837},
  citeulike-linkout-0 = {http://www.worldcat.org/isbn/013937681},
  citeulike-linkout-1 = {http://books.google.com/books?vid=ISBN013937681},
  citeulike-linkout-2 = {http://www.amazon.com/gp/search?keywords=013937681\&index=books\&linkCode=qs},
  citeulike-linkout-3 = {http://www.librarything.com/isbn/013937681},
  citeulike-linkout-4 = {http://www.worldcat.org/oclc/299390375},
  interhash = {e9eb4a26a7b664830eef6c9ba2bf2896},
  intrahash = {6d20eabeb9418ac829577cf36f6fdbdf},
  isbn = {013937681},
  keywords = {68n25-operating-systems},
  posted-at = {2017-10-26 03:20:47},
  priority = {0},
  publisher = {Prentice-Hall},
  timestamp = {2019-03-01T00:11:50.000+0100},
  title = {The {UNIX} Programming Environment},
  url = {http://www.worldcat.org/isbn/013937681},
  year = 1984
}
