@manual{org-manual,
title = {The Org Manual},
author = {Carsten Dominik},
year = {2023},
url = {https://orgmode.org/manual/}
}
