@article{SQLAGCLI,
title = {SQL Access Group's Call-Level Interface},
author = {Roger Sippl},
year = {1996},
journal = {Dr.Dobb's},
url = {https://www.drdobbs.com/sql-access-groups-call-level-interface/184410032},
}

@article{ODBCRocks,
title = {ODBC Rocks!},
author = {Lee, Chris},
journal = {CODE Focus Magazine},
year = {2007},
volume = {4},
issue = {3},
url = {https://www.codemag.com/article/0712172/ODBC-Rocks!},
}

@article{DAAPIOfDay,
title = {Data Access API of the Day},
author = {Mike Pizzo},
journal = {MSDN Magazine},
year = {2006},
month = {05},
issue = {2006-12},
url = {https://learn.microsoft.com/en-us/archive/blogs/data/data-access-api-of-the-day-part-i}
}

@article{SQLCLINewBindingStyle,
title = {SQL/CLI A New Binding Style For SQL},
author = {Murali Venkatrao, Michael Pizzo},
journal = {SIGMOD Record},
volume = {24},
year = {1995},
month = {December},
}

@book{SQLCLISpec,
title = {Data Management: SQL Call Level Interface (CLI)},
author = {X/Open Company Ltd.}
}

@book{InsideODBC,
title = {Inside ODBC},
author = {Kyle Geiger},
}
