@book{TwoDayDba,
title = {2 Day DBA},
author = {Oracle},
}
