@misc{MSVBAL,
title = {VBA Language Specification},
author = {Microsoft.com},
url = {https://learn.microsoft.com/en-us/openspecs/microsoft_general_purpose_programming_languages/ms-vbal/d5418146-0bd2-45eb-9c7a-fd9502722c74}
}

@misc{vbMinutiae,
title = {Minutiae},
author = {Brainbell.com},
url = {https://www.brainbell.com/tutors/Visual_Basic/ch7.htm},
}

@article{MSPCodeTech,
title = {Microsoft P-Code Technology},
author = {Andy Padawer},
url = {https://web.archive.org/web/20010222035711/http://msdn.microsoft.com/library/backgrnd/html/msdn_c7pcode2.htm}
}

@misc{VBPCodeInfo,
title = {VB P-code Information},
author = {Mr Silver},
url = {https://web.archive.org/web/20151222171103/http://www.woodmann.com/crackz/Tutorials/Vbpcode.htm}
}

@misc{threadedPCode,
title = {What exactly is/was threaded p-code?},
authro = {knol, Raffzahn etc al.},
url = {https://retrocomputing.stackexchange.com/questions/24426/what-exactly-is-was-threaded-p-code}
}
