@manual{BibTeXing,
title = {BIBTEXing},
author = {Oren Patashinik},
year = {1988},
month = {February},
url = {http://mirrors.ctan.org/biblio/bibtex/base/btxdoc.pdf}
}

@manual{bibtexStyling,
title = {Designing BIBTEX Styles},
author = {Oren Patashinik},
year = 1988,
month = "Februrary",
url = {http://mirrors.ctan.org/biblio/bibtex/base/btxhak.pdf}
}

@manual{bibtexFAQ,
title = {BIBTEX Tips and FAQ},
author = {Michael Shell, David Hoadley},
year = 2007,
month = "January",
url = {http://mirrors.ctan.org/biblio/bibtex/contrib/doc/btxFAQ.pdf}
}

@article{BibtexCitation,
title = {Managing Citations and Your Bibliography with BibTeX},
author = {JÃ¼rgen Fenn},
year = 2006,
month = "4",
journal = {The PracTeX Journal},
url = {https://tug.org/pracjourn/2006-4/fenn/}
}
