@book{robbins2005classic,
  title={Classic Shell Scripting: Hidden Commands that Unlock the Power of Unix},
  author={Robbins, A. and Beebe, N.H.F.},
  isbn={9780596555269},
  url={https://books.google.nl/books?id=jO-iKwPRX0QC},
  year={2005},
  publisher={O'Reilly Media}
}
