@article{TeXLevels,
titile = {LaTeX vs. MiKTeX: The levels of TeX},
author = {tug.org},
url = {https://tug.org/levels.html}
}

@book{TeXOverview,
title = {An overview of TEX, its children and their friends},
author = {Arno Trautmann},
year = {2023}
}

@book{Tex4impatient,
title = {TeX for the Impatient},
author = {Paul W. Abrahams, Kathryn A. Hargreaves,
and Karl Berry},
year = {2020}
}

@book{TeXByTopic,
title = {TEX BY TOPIC, A TEXNICIANâ€™S REFERENCE},
author = {Victor Eijkhout},
year = {2007}
}

@book{StartWithPlainTeX,
title = {Getting Started with Plain TeX},
author = {D. R. Wilkins},
year = {1994}
}
