@book{EssentialCOM,
author = {Don Box},
title = {Essential COM}
year = {1998},
publisher = {Addison-Wesley}
}
